<collection xmlns="http://www.loc.gov/MARC21/slim">
<record>
  <leader>01760nam0a22003011i 450 </leader>
  <controlfield tag="001">IT\ICCU\CNCE\079192</controlfield>
  <controlfield tag="005">20170928000000.0</controlfield>
  <datafield tag="100" ind1=" " ind2=" ">
    <subfield code="a">20160621f1573        0itac0103    ba</subfield>
  </datafield>
  <datafield tag="101" ind1=" " ind2=" ">
    <subfield code="a">ITA</subfield>
  </datafield>
  <datafield tag="102" ind1=" " ind2=" ">
    <subfield code="a">IT</subfield>
  </datafield>
  <datafield tag="200" ind1="1" ind2=" ">
    <subfield code="a">Recettario di Galeno ottimo, e prouato a tutte le infirmita, che accadeno a gli huomini, &amp; a le donne di dentro, &amp; di fuori li corpi. Con remedii di conseruare la sanit,̉ e prolongar la uita ... Tradotto in volgare, per lo eccellentissimo maestro Giouanne Saracino medico, medico, ad instantia dell&apos;imperatore</subfield>
  </datafield>
  <datafield tag="210" ind1=" " ind2=" ">
    <subfield code="d">\non prima del 1573!</subfield>
    <subfield code="e">In Venetia</subfield>
    <subfield code="g">in frezaria dalla botega del Guadagnino al segno dell&apos;Hippogriffo</subfield>
  </datafield>
  <datafield tag="215" ind1=" " ind2=" ">
    <subfield code="a">63, \1! c.</subfield>
    <subfield code="c">ill.</subfield>
    <subfield code="d">8ʻ</subfield>
  </datafield>
  <datafield tag="300" ind1=" " ind2=" ">
    <subfield code="a">La data si ricava dall&apos;attivit ̉dell&apos;officina tipografica</subfield>
  </datafield>
  <datafield tag="620" ind1=" " ind2=" ">
    <subfield code="a">IT</subfield>
    <subfield code="d">Venezia</subfield>
  </datafield>
  <datafield tag="700" ind1=" " ind2="1">
    <subfield code="a">Galenus,</subfield>
    <subfield code="b">Claudius</subfield>
    <subfield code="3">IT\ICCU\CNCA\000093</subfield>
  </datafield>
  <datafield tag="702" ind1=" " ind2="1">
    <subfield code="a">Saracino,</subfield>
    <subfield code="b">Giovanni</subfield>
    <subfield code="3">IT\ICCU\CNCA\005623</subfield>
  </datafield>
  <datafield tag="712" ind1="0" ind2="0">
    <subfield code="a">Valvassori, Luigi - eredi</subfield>
    <subfield code="3">IT\ICCU\CNCT\000521</subfield>
    <subfield code="4">650</subfield>
  </datafield>
  <datafield tag="790" ind1=" " ind2="1">
    <subfield code="a">Galeno,</subfield>
    <subfield code="b">Claudio</subfield>
    <subfield code="3">IT\ICCU\CNCA\014027</subfield>
    <subfield code="z">Galenus, Claudius</subfield>
  </datafield>
  <datafield tag="790" ind1=" " ind2="0">
    <subfield code="a">Galeno</subfield>
    <subfield code="3">IT\ICCU\CNCA\025929</subfield>
    <subfield code="z">Galenus, Claudius</subfield>
  </datafield>
  <datafield tag="790" ind1=" " ind2="1">
    <subfield code="a">Saraceno,</subfield>
    <subfield code="b">Giovanni</subfield>
    <subfield code="3">IT\ICCU\CNCA\023875</subfield>
    <subfield code="z">Saracino, Giovanni</subfield>
  </datafield>
  <datafield tag="791" ind1="0" ind2="2">
    <subfield code="a">℗al segno dell&apos;℗Hippogriffo</subfield>
    <subfield code="3">IT\ICCU\CNCT\002723</subfield>
    <subfield code="z">Valvassori, Luigi - eredi</subfield>
  </datafield>
  <datafield tag="791" ind1="0" ind2="2">
    <subfield code="a">Guadagnino - eredi</subfield>
    <subfield code="3">IT\ICCU\CNCT\005851</subfield>
    <subfield code="z">Valvassori, Luigi - eredi</subfield>
  </datafield>
  <datafield tag="801" ind1=" " ind2="3">
    <subfield code="a">IT</subfield>
    <subfield code="b">ICCU</subfield>
    <subfield code="c">20201115</subfield>
  </datafield>
  <datafield tag="899" ind1=" " ind2=" ">
    <subfield code="a">Biblioteca estera - sterreichische Nationalbibliothek. Wien</subfield>
    <subfield code="1">AA0010</subfield>
  </datafield>
  <datafield tag="899" ind1=" " ind2=" ">
    <subfield code="a">Collezione privata Bernardo Altieri. Salerno</subfield>
    <subfield code="1">SA0250</subfield>
  </datafield>
  <datafield tag="911" ind1=" " ind2=" ">
    <subfield code="a">Nel colophon</subfield>
    <subfield code="9">IT\ICCU\CNCM\001976</subfield>
  </datafield>
  <datafield tag="921" ind1=" " ind2=" ">
    <subfield code="a">IT\ICCU\CNCM\001976</subfield>
    <subfield code="b">Ippogrifo poggia su un libro chiuso al quale  ̈attaccato il mondo.</subfield>
    <subfield code="e">Sic mihi, atque aliis</subfield>
    <subfield code="c">U573</subfield>
    <subfield code="d">Dimensioni: 4 x 4,3</subfield>
    <subfield code="f">IPPOGRIFO</subfield>
    <subfield code="f">LIBRO</subfield>
    <subfield code="f">MONDO</subfield>
    <subfield code="g">1573-1590</subfield>
  </datafield>
</record>
</collection>
